%!TEX root = <uw-ethesis.tex>
% Bibliography of key references for "LaTeX for Thesis and Large Documents"
% For use with BibTeX

@article{Choupani,
  title={Video Coding and Transcoding: A Review},
  author={Choupani, Roya and Wong, Stephan and Tolun, Mehmet},
  year={2007},
  publisher={Citeseer}
},
@misc{Kundur,
    author = {Kundur, Deepa},
    file = {:Users/pulsar/GoogleDrive/Research Papers/13{\_}Kundur{\_}Intro{\_}Video{\_}Edge{\_}Detection.pdf:pdf},
    title = {{Introduction to Video Processing}},
    url = {http://www.comm.utoronto.ca/~dkundur/course_info/real-time-DSP/notes/13_Kundur_Intro_Video_Edge_Detection.pdf}
},
@article{Lefevre2003,
    author = {Lef{\`{e}}vre, S{\'{e}}bastien and Holler, J{\'{e}}r{\^{o}}me and Vincent, Nicole},
    doi = {10.1016/S1077-2014(02)00115-8},
    file = {:Users/pulsar/GoogleDrive/Research Papers/shot{\_}boundary.pdf:pdf},
    issn = {10772014},
    journal = {Real-Time Imaging},
    number = {1},
    pages = {73--98},
    title = {{A review of real-time segmentation of uncompressed video sequences for content-based search and retrieval}},
    volume = {9},
    year = {2003}
},
@phdthesis{Saggi2010,
    abstract = {Fast Forward Motion Pictures Expert Group (FFmpeg) is a well-known, high performance, cross platform open source library for recording, streaming, and playback of video and audio in various formats, namely, Motion Pictures Expert Group (MPEG), H.264, Audio Video Interleave (AVI), just to name a few. With FFmpeg current licensing options, it is also suitable for both open source and commercial software development. FFmpeg contains over 100 open source codecs for video encoding and decoding.},
    author = {Saggi, Anand},
    file = {:Users/pulsar/GoogleDrive/Research Papers/A framework for multimedia playback and analysis of MPEG-2 videos.pdf:pdf},
    title = {{A framework for multimedia playback and analysis of MPEG-2 videos with FFmpeg}},
    year = {2010}
},
@misc{FFmpe90:online,
    author = {},
    title = {FFmpeg Devices Documentation},
    howpublished = {\url{https://www.ffmpeg.org/ffmpeg-devices.html#Options-1}},
    month = {},
    year = {},
    note = {(Visited on 01/04/2016)}
},
@misc{ffmpeg:online,
    author = {},
    title = {FFmpeg - open source audio video processing library},
    howpublished = {\url{https://www.ffmpeg.org/}},
    month = {},
    year = {},
    note = {(Visited on 01/04/2016)}
},
@article{Wiegand2003,
    author = {Wiegand, T.},
    doi = {10.1109/TCSVT.2003.815165},
    file = {:Users/pulsar/GoogleDrive/Research Papers/01218189.pdf:pdf},
    isbn = {1051-8215},
    issn = {1051-8215},
    journal = {{\ldots} and Systems for Video {\ldots}},
    number = {7},
    pages = {560 --576},
    title = {{Overview of the H. 264/AVC video coding standard}},
    url = {http://ieeexplore.ieee.org/ielx5/76/27384/01218189.pdf?tp={\&}arnumber=1218189{\&}isnumber=27384$\backslash$nhttp://ieeexplore.ieee.org/xpls/abs{\_}all.jsp?arnumber=1218189},
    volume = {13},
    year = {2003}
},
@article{Ostermann2004,
    doi = {10.1109/MCAS.2004.1286980},
    file = {:Users/pulsar/GoogleDrive/Research Papers/H264{\_}final.pdf:pdf},
    isbn = {1531-636X},
    issn = {1531636X},
    journal = {IEEE Circuits and Systems Magazine},
    keywords = {H.263,H.264,JVT,MPEG-1,MPEG-2,MPEG-4,Motion compensation,Standards,Streaming,Transform coding,Video coding},
    number = {1},
    pages = {7--28},
    title = {{Video coding with H.264/AVC: Tools, performance, and complexity}},
    volume = {4},
    year = {2004}
},
@article{Chandra2012,
    author = {Chandra, Surendar and Biehl, Jacob T. and Boreczky, John and Carter, Scott and Rowe, Lawrence a.},
    doi = {10.1145/2393347.2393404},
    file = {:Users/pulsar/GoogleDrive/Research Papers/p389-chandra.pdf:pdf},
    isbn = {9781450310895},
    journal = {Proceedings of the 20th ACM international conference on Multimedia - MM '12},
    keywords = {displaycast,screen capture,screen sharing,screencast},
    pages = {389},
    title = {{Understanding screen contents for building a high performance, real time screen sharing system}},
    url = {http://dl.acm.org/citation.cfm?doid=2393347.2393404},
    year = {2012}
},

@misc{Trans44:online,
    author = {},
    title = {Transcoding Best Practices - JWPlayer},
    howpublished = {\url{http://www.jwplayer.com/blog/transcoding-best-practices/}},
    month = {},
    year = {},
    note = {(Visited on 01/07/2016)}
},
@misc{Video68:online,
    author = {},
    title = {VideoLAN - x264, the best H.264/AVC encoder},
    howpublished = {\url{http://www.videolan.org/developers/x264.html}},
    month = {},
    year = {},
    note = {(Visited on 01/07/2016)}
},
@misc{Maint44:online,
    author = {},
    title = {Maintenance Mode},
    howpublished = {\url{http://westseattleblog.com/category/seattle-police-surveillance-cameras/}},
    month = {},
    year = {},
    note = {(Visited on 01/09/2016)}
},
@misc{Dakot10:online,
    author = {},
    title = {Dakota Security | Ultra-Low Power Day/Night Camera},
    howpublished = {\url{http://dakotasecurity.com/ultra-low-power-daynight-camera/}},
    month = {},
    year = {},
    note = {(Visited on 01/09/2016)}
},
@misc{video11:online,
    author = {},
    title = {videos.cctvcamerapros.com/pdf/Zavio/F312A-wireless-ip-camera.pdf},
    howpublished = {\url{http://videos.cctvcamerapros.com/pdf/Zavio/F312A-wireless-ip-camera.pdf}},
    month = {},
    year = {},
    note = {(Visited on 01/09/2016)}
},
@article{Weerakkody2007,
    author = {Weerakkody, W.a.R.J. and Fernando, W.a.C. A C and Adikari, a.B.B. B B},
    doi = {10.1109/TCE.2007.381761},
    file = {:Users/pulsar/GoogleDrive/Research Papers/2007{\_}-{\_}W{\_}Weerakkody{\_}-{\_}UnidirectionalDistributedVideoCodingforLowCostVide[retrieved-2016-01-09].pdf:pdf},
    issn = {0098-3063},
    journal = {IEEE Transactions on Consumer Electronics},
    keywords = {distributed video coding,encoded bit stream,feedba},
    number = {2},
    pages = {788--795},
    title = {{Unidirectional Distributed Video Coding for Low Cost Video Encoding}},
    url = {http://ieeexplore.ieee.org/lpdocs/epic03/wrapper.htm?arnumber=4266974},
    volume = {53},
    year = {2007}
},
@article{Dufaux2009,
    author = {Dufaux, Frederic and Gao, Wen and Tubaro, Stefano and Vetro, Anthony},
    doi = {10.1155/2009/508167},
    file = {:Users/pulsar/GoogleDrive/Research Papers/1687-5281-2009-508167.pdf:pdf},
    issn = {1687-5176},
    journal = {EURASIP Journal on Image and Video Processing},
    language = {en},
    month = {apr},
    number = {1},
    pages = {1--13},
    publisher = {Springer},
    title = {{Distributed Video Coding: Trends and Perspectives}},
    url = {http://jivp.eurasipjournals.com/content/2009/1/508167},
    volume = {2009},
    year = {2009}
}













